% This file was created with JabRef 2.10.
% Encoding: UTF-8


@Article{Bowyer,
  Title                    = {Computing {D}irichlet tessellations},
  Author                   = {Bowyer, A.},
  Journal                  = {Comput. J.},
  Year                     = {1981},
  Number                   = {2},
  Pages                    = {162--166},
  Volume                   = {24},

  Coden                    = {CMPJA6},
  Doi                      = {10.1093/comjnl/24.2.162},
  Fjournal                 = {The Computer Journal},
  ISSN                     = {0010-4620},
  Mrclass                  = {52-04 (52A25)},
  Mrnumber                 = {619576},
  Url                      = {http://dx.doi.org/10.1093/comjnl/24.2.162}
}

@Book{Frey,
  Title                    = {Mesh generation},
  Author                   = {Frey, Pascal Jean and George, Paul-Louis},
  Publisher                = {ISTE, London; John Wiley \& Sons, Inc., Hoboken, NJ},
  Year                     = {2008},
  Edition                  = {Second},
  Note                     = {Application to finite elements},

  Doi                      = {10.1002/9780470611166},
  ISBN                     = {978-1-84821-029-5},
  Mrclass                  = {65N50 (65-02 65N30)},
  Mrnumber                 = {2398720},
  Pages                    = {848},
  Url                      = {http://dx.doi.org/10.1002/9780470611166}
}
@manual{luamplib,
title = {The Luamplib package},
subtitle = {Use Lua\TeX{}’s built-in MetaPost interpreter},
author = {Gesang, Philipp and Hagen, Hans and Roux, Élie and Kim, Dohyun and Hoekwater, Taco and Pégourié-Gonnard, Manuel},
url = {https://ctan.org/pkg/luamplib},
urldate = {2022-07-11},
date = {2022-01-12},
version = {2.23.0},
}


@manual{animate,
title = {The Animate package},
subtitle = {Create PDF and SVG animations from graphics files and inline graphics},
author = {Grahn, Alexander},
url = {https://ctan.org/pkg/animate},
urldate = {2022-07-11},
date = {2022-02-21},
version = {},
}

@Manual{tikz,
title = {The Pgf package},
subtitle = {Create PostScript and PDF graphics in \TeX},
author = {Menke, Henri and {The PGF/TikZ Team} and Feuersänger, Christian and Tantau, Till},
  Year                     = {2022},
  url = {https://ctan.org/pkg/pgf},
  Owner                    = {chupin},
  Timestamp                = {2022-07-11},
  version = {3.1.9a},
}
@Manual{gmsh,
  Title                    = {Gmsh Reference Manual},
  Author                   = {Geuzaine, Christophe and Remacle, Jean-Francois Tantau},
  Note                     = {v. 2.14},
  Year                     = {2016},

  Owner                    = {chupin},
  Timestamp                = {2016.11.28}
}

@Article{Watson,
  Title                    = {Computing the {$n$}-dimensional {D}elaunay tessellation with
 application to {V}orono\u\i\ polytopes},
  Author                   = {Watson, D. F.},
  Journal                  = {Comput. J.},
  Year                     = {1981},
  Number                   = {2},
  Pages                    = {167--172},
  Volume                   = {24},

  Coden                    = {CMPJA6},
  Doi                      = {10.1093/comjnl/24.2.167},
  Fjournal                 = {The Computer Journal},
  ISSN                     = {0010-4620},
  Mrclass                  = {52-04 (52A25)},
  Mrnumber                 = {619577},
  Url                      = {http://dx.doi.org/10.1093/comjnl/24.2.167}
}

@manual{tkzeuclide,
title = {The Tkz-euclide package},
subtitle = {Tools for drawing Euclidean geometry},
author = {Matthes, Alain},
url = {http://altermundus.fr},
urldate = {2022-07-11},
date = {2022-02-25},
version = {4.051b},
}
